% This file was created with JabRef 2.10b2.
% Encoding: UTF-8


@String { abntex.doc.header = {$Header: /home/cvsroot/abntex/texmf/bibtex/bib/abntex/abntex-doc.bib,v 1.1 2003/03/21 18:28:12 gweber Exp $} }

@Manual{abntex2modelo,
  Title                    = {Modelo Can{\^o}nico de Trabalho Acad{\^e}mico com abnTeX2},
  Author                   = {ABNTeX2},
  Organization             = {Equipe abnTeX2},
  Year                     = {2013},
  Annote                   = {Este documento {\'e} derivado do \cite{abnt-bibtex-doc}},
  Bdsk-url-1               = {http://code.google.com/p/abntex2/},
  Date-added               = {2012-12-20 00:53:31 +0000},
  Date-modified            = {2013-02-04 12:05:13 +0000},
  Url                      = {http://abntex2.googlecode.com/}
}

@Manual{abntex2modelo-artigo,
  Title                    = {Modelo Can{\^o}nico de Artigo cient{\'i}fico com abnTeX2},
  Author                   = {abnTeX2},
  Organization             = {Equipe abnTeX2},
  Year                     = {2013},
  Annote                   = {Este documento {\'e} derivado do \cite{abnt-bibtex-doc}},
  Bdsk-url-1               = {http://code.google.com/p/abntex2/},
  Date-added               = {2013-01-15 00:08:47 +0000},
  Date-modified            = {2013-02-04 12:05:04 +0000},
  Url                      = {http://abntex2.googlecode.com/}
}

@Manual{abntex2modelo-glossario,
  Title                    = {Exemplo de uso de gloss{\'a}rio com abnTeX2},
  Author                   = {abnTeX2},
  Organization             = {Equipe abnteX2},
  Year                     = {2013},
  Bdsk-url-1               = {http://abntex2.googlecode.com/},
  Date-added               = {2013-03-11 13:38:46 +0000},
  Date-modified            = {2013-04-05 11:03:36 +0000},
  Url                      = {http://abntex2.googlecode.com/},
  key                      = {consulta},
}

@Manual{abntex2modelo-livro,
  Title                    = {Modelo de Livro produzido com abnTeX2},
  Author                   = {abnTeX2},
  Organization             = {Equipe abnTeX2},
  Year                     = {2013},

  Annote                   = {Este documento {\'e} derivado do \cite{abnt-bibtex-doc}},
  Bdsk-url-1               = {http://code.google.com/p/abntex2/},
  Date-added               = {2013-08-20 11:04:36 +0000},
  Date-modified            = {2013-08-20 11:05:30 +0000},
  Url                      = {http://abntex2.googlecode.com/}
}

@Manual{abntex2modelo-projeto-pesquisa,
  Title                    = {Modelo Can{\^o}nico de Projeto de pesquisa com abnTeX2},
  Author                   = {abnTeX2},
  Organization             = {Equipe abnTeX2},
  Year                     = {2013},

  Annote                   = {Este documento {\'e} derivado do \cite{abnt-bibtex-doc}},
  Bdsk-url-1               = {http://code.google.com/p/abntex2/},
  Date-added               = {2013-01-19 09:55:40 +0000},
  Date-modified            = {2013-02-04 12:05:07 +0000},
  Url                      = {http://abntex2.googlecode.com/}
}

@Manual{abntex2modelo-relatorio,
  Title                    = {Modelo Can{\^o}nico de Relat{\'o}rio T{\'e}cnico e/ou Cient{\'i}fico com abnTeX2},
  Author                   = {abnTeX2},
  Organization             = {Equipe abnTeX2},
  Year                     = {2013},

  Annote                   = {Este documento {\'e} derivado do \cite{abnt-bibtex-doc}},
  Bdsk-url-1               = {http://code.google.com/p/abntex2/},
  Date-added               = {2013-01-15 00:06:21 +0000},
  Date-modified            = {2013-02-04 12:05:11 +0000},
  Url                      = {http://abntex2.googlecode.com/}
}

@Manual{abntex2cite,
  Title                    = {O pacote abntex2cite: Estilos bibliogr{\'a}ficos compat{\'i}veis com a ABNT NBR 6023},
  Author                   = {abnTeX2 and Lauro C{\'e}sar Araujo},
  Organization             = {Equipe abnTeX2},
  Year                     = {2013},

  Annote                   = {Este documento {\'e} derivado do \cite{abnt-bibtex-doc}},
  Bdsk-url-1               = {http://code.google.com/p/abntex2/},
  Date-added               = {2012-12-19 13:06:14 +0000},
  Date-modified            = {2013-04-05 10:47:48 +0000},
  Url                      = {http://abntex2.googlecode.com/}
}

@Manual{abntex2cite-alf,
  Title                    = {O pacote abntex2cite: t{\'o}picos espec{\'i}ficos da ABNT NBR 10520:2002 e o estilo bibliogr{\'a}fico alfab{\'e}tico (sistema autor-data},
  Author                   = {abnTeX2 and Lauro C{\'e}sar Araujo},
  Organization             = {Equipe abnTeX2},
  Year                     = {2013},

  Annote                   = {Este documento {\'e} derivado do \cite{abnt-bibtex-alf-doc}},
  Bdsk-url-1               = {http://code.google.com/p/abntex2/},
  Date-added               = {2012-12-19 13:08:00 +0000},
  Date-modified            = {2013-04-05 11:02:56 +0000},
  Url                      = {http://abntex2.googlecode.com/}
}

@Manual{abntex2classe,
  Title                    = {A classe abntex2: Modelo can{\^o}nico de trabalhos acad{\^e}micos brasileiros compat{\'i}vel com as normas ABNT NBR 14724:2011, ABNT NBR 6024:2012 e outras},
  Author                   = {abnTeX2 and Lauro C{\'e}sar Araujo},
  Organization             = {Equipe abnTeX2},
  Year                     = {2012},

  Annote                   = {Este documento substitui o \cite{abnt-classe-doc}},
  Bdsk-url-1               = {http://code.google.com/p/abntex2/},
  Date-added               = {2012-12-19 13:08:40 +0000},
  Date-modified            = {2013-04-05 11:03:25 +0000},
  Url                      = {http://abntex2.googlecode.com/}
}

@Manual{enumitem,
  Title                    = {Customizing lists with the enumitem package},
  Author                   = {Javier Bezos},
  Month                    = {9},
  Organization             = {CTAN},
  Year                     = {2011},

  Bdsk-url-1               = {http://linorg.usp.br/CTAN/macros/latex/contrib/enumitem/enumitem.pdf},
  Date-added               = {2013-01-22 10:24:05 +0000},
  Date-modified            = {2013-01-22 10:31:21 +0000},
  Url                      = {http://linorg.usp.br/CTAN/macros/latex/contrib/enumitem/enumitem.pdf},
  Urlaccessdate            = {22.1.2013}
}

@Manual{babel,
  Title                    = {Babel, a multilingual package for use with LATEX's standard document classes},
  Author                   = {Johannes Braams},
  Month                    = {April},
  Year                     = {2008},

  Bdsk-url-1               = {http://mirrors.ctan.org/info/babel/babel.pdf},
  Date-added               = {2013-02-17 14:07:33 +0000},
  Date-modified            = {2013-02-17 14:07:33 +0000},
  Url                      = {http://mirrors.ctan.org/info/babel/babel.pdf},
  Urlaccessdate            = {17.2.2013}
}

@Book{ibge1993,
  Title                    = {Normas de apresenta\c{c}{\~a}o tabular},
  Author                   = {IBGE},
  Publisher                = {Centro de Documenta\c{c}{\~a}o e Dissemina\c{c}{\~a}o de Informa\c{c}{\~o}es. Funda\c{c}{\~a}o Intituto Brasileiro de Geografia e Estat{\'i}stica},
  Year                     = {1993},

  Address                  = {Rio de Janeiro},
  Edition                  = {3},

  Date-added               = {2013-08-21 13:48:18 +0000},
  Date-modified            = {2013-08-21 13:55:50 +0000},
  Organization             = {http://biblioteca.ibge.gov.br/visualizacao/livros/liv23907.pdf},
  Urlaccessdate            = {2013-08-21}
}

@Manual{oberdiek2011,
  Title                    = {The bookmark package},
  Author                   = {Heiko Oberdiek},
  Month                    = {dez},
  Year                     = {2011},

  Bdsk-url-1               = {ftp://ftp.ctan.org/tex-archive/macros/latex/contrib/oberdiek/bookmark.pdf},
  Date-added               = {2013-02-03 23:17:19 +0000},
  Date-modified            = {2013-02-03 23:18:01 +0000},
  Url                      = {ftp://ftp.ctan.org/tex-archive/macros/latex/contrib/oberdiek/bookmark.pdf},
  Urlaccessdate            = {3.2.2013}
}

@Manual{abnt-classe-doc,
  Title                    = {Classe {ABNT}},
  Author                   = {Santini Frasson, Miguel Vin{\'i}cius},
  Organization             = {Grupo abnTeX},
  Year                     = {2002},

  Bdsk-url-1               = {http://abntex.codigolivre.org.br},
  Date-modified            = {2013-02-04 12:04:50 +0000},
  Subtitle                 = {confec\c{c}{\~a}o de trabalhos acad{\^e}micos em {\LaTeX} segundo as normas {ABNT}},
  Url                      = {http://abntex.codigolivre.org.br}
}

@Manual{abnt-bibtex-alf-doc,
  Title                    = {Estilo bibtex compat{\'i}vel com a `norma' 6023/2000 da {ABNT}},

  Address                  = {.},
  Author                   = {Gerald Weber},
  Organization             = {Grupo abnTeX},
  Year                     = {2003},

  Bdsk-url-1               = {http://abntex.codigolivre.org.br},
  Subtitle                 = {Quest\~oes espec{\'i}ficas da `norma' 10520/2001},
  Url                      = {http://abntex.codigolivre.org.br}
}

@Manual{abnt-bibtex-doc,
  Title                    = {Estilo bibtex compat{\'i}vel com a `norma' 6023/2000 da {ABNT}},
  Author                   = {Gerald Weber},
  Organization             = {Grupo abnTeX},
  Year                     = {2003},

  Bdsk-url-1               = {http://abntex.codigolivre.org.br},
  Url                      = {http://abntex.codigolivre.org.br}
}

@Manual{tabela-simbolos-doc,
  Title                    = {Tabelas de s{\'i}mbolos usando makeindex},
  Author                   = {Gerald Weber},
  Organization             = {Grupo abnTeX},
  Year                     = {2003},

  Bdsk-url-1               = {http://abntex.codigolivre.org.br},
  Url                      = {http://abntex.codigolivre.org.br}
}

@Manual{memoir,
  Title                    = {The Memoir Class for Configurable Typesetting - User Guide},

  Address                  = {Normandy Park, WA},
  Author                   = {Peter Wilson and Lars Madsen},
  Organization             = {The Herries Press},
  Year                     = {2010},

  Bdsk-url-1               = {http://ctan.tche.br/macros/latex/contrib/memoir/memman.pdf},
  Date-added               = {2012-12-20 01:04:36 +0000},
  Date-modified            = {2013-03-21 11:57:49 +0000},
  Url                      = {http://mirrors.ctan.org/macros/latex/contrib/memoir/memman.pdf},
  Urlaccessdate            = {19.12.2012}
}

@Manual{NBR6024:2012,
  Title                    = {{ABNT NBR} 6024: 2012},

  Address                  = {Rio de Janeiro},
  Month                    = feb,
  Organization             = {Associa\c{c}\~ao Brasileira de Normas T\'ecnicas},
  Year                     = {2012},

  Date-added               = {2013-03-18 13:32:00 +0000},
  Date-modified            = {2013-03-18 13:33:17 +0000},
  Org-short                = {ABNT},
  Pages                    = {4},
  Subtitle                 = {Informa\c{c}\~ao e Documenta\c{c}\~ao - Numera\c{c}\~ao progressiva das se\c{c}\~oes de um documento - Apresenta\c{c}\~ao}
}

@Manual{NBR14724:2011,
  Title                    = {{ABNT NBR} 14724:2011},

  Address                  = {Rio de Janeiro},
  Month                    = mar,
  Organization             = {Associa\c{c}\~ao Brasileira de Normas T\'ecnicas},
  Year                     = {2011},

  Date-added               = {2013-03-18 14:19:32 +0000},
  Date-modified            = {2013-03-18 14:20:15 +0000},
  Org-short                = {ABNT},
  Pages                    = {15},
  Subtitle                 = {Informa\c{c}\~ao e documenta\c{c}\~ao --- Trabalhos acad\^emicos --- Apresenta\c{c}\~ao}
}

@Manual{DOI,
  Title                    = {The {DOI} handbook},

  Address                  = {Oxford},
  Month                    = feb,
  Organization             = {International DOI Foundation},
  Year                     = {2003},

  Bdsk-url-1               = {doi:10.1000/182},
  Date-added               = {2012-12-20 12:30:58 +0000},
  Date-modified            = {2012-12-20 12:30:58 +0000},
  Org-short                = {IDF},
  Url                      = {doi:10.1000/182}
}

@Manual{ISO15706:2002,
  Title                    = {{ISO} 15706:2002},
  Organization             = {International Standards Organization},
  Year                     = {2002},

  Bdsk-url-1               = {http://www.nlc-bnc.ca/iso/tc46sc9/standard/15706e.htm},
  Date-added               = {2012-12-20 12:30:58 +0000},
  Date-modified            = {2012-12-20 12:30:58 +0000},
  Org-short                = {ISO},
  Subtitle                 = {Information and documentation --- {I}nternational Standard Audiovisual Number ({ISAN})},
  Url                      = {http://www.nlc-bnc.ca/iso/tc46sc9/standard/15706e.htm},
  Urlaccessdate            = {24 abr. 2003}
}

@Manual{ISO639-1:2002,
  Title                    = {{ISO} 639-1:2002},
  Organization             = {International Standards Organization},
  Year                     = {2002},

  Date-added               = {2012-12-20 12:30:58 +0000},
  Date-modified            = {2012-12-20 12:30:58 +0000},
  Org-short                = {ISO},
  Subtitle                 = {Codes for the representation of names of languages --- {P}art 1: Alpha-2 code}
}

@Manual{NBR10520:2002,
  Title                    = {{NBR} 10520},

  Address                  = {Rio de Janeiro},
  Month                    = aug,
  Note                     = {Substitui a Ref.~\textcite{NBR10520:2001}},
  Organization             = {Associa\c{c}\~ao Brasileira de Normas T\'ecnicas},
  Year                     = {2002},

  Date-added               = {2012-12-20 12:30:58 +0000},
  Date-modified            = {2012-12-20 12:30:58 +0000},
  Org-short                = {ABNT},
  Pages                    = {7},
  Subtitle                 = {Informa\c{c}\~ao e documenta\c{c}\~ao --- Apresenta\c{c}\~ao de cita\c{c}\~oes em documentos}
}

@Manual{NBR14724:2002,
  Title                    = {{NBR} 14724},

  Address                  = {Rio de Janeiro},
  Month                    = aug,
  Note                     = {Substitui a Ref.~\textcite{NBR14724:2001}},
  Organization             = {Associa\c{c}\~ao Brasileira de Normas T\'ecnicas},
  Year                     = {2002},

  Date-added               = {2012-12-20 12:30:58 +0000},
  Date-modified            = {2012-12-20 12:30:58 +0000},
  Org-short                = {ABNT},
  Pages                    = {6},
  Subtitle                 = {Informa\c{c}\~ao e documenta\c{c}\~ao --- trabalhos acad\^emicos --- apresenta\c{c}\~ao}
}

@Manual{NBR6023:2002,
  Title                    = {{NBR} 6023},

  Address                  = {Rio de Janeiro},
  Month                    = aug,
  Note                     = {Substitui a Ref.~\textcite{NBR6023:2000}},
  Organization             = {Associa\c{c}\~ao Brasileira de Normas T\'ecnicas},
  Year                     = {2002},

  Date-added               = {2012-12-20 12:30:58 +0000},
  Date-modified            = {2012-12-20 12:30:58 +0000},
  Org-short                = {ABNT},
  Pages                    = {24},
  Subtitle                 = {Informa\c{c}\~ao e documenta\c{c}\~ao --- Refer\^encias --- Elabora\c{c}\~ao}
}

@Manual{NBR6029:2002,
  Title                    = {{NBR} 6029},

  Address                  = {Rio de Janeiro},
  Month                    = sep,
  Organization             = {Associa\c{c}\~ao Brasileira de Normas T\'ecnicas},
  Year                     = {2002},

  Date-added               = {2012-12-20 12:30:58 +0000},
  Date-modified            = {2012-12-20 12:30:58 +0000},
  Org-short                = {ABNT},
  Pages                    = {9},
  Subtitle                 = {Informa\c{c}\~ao e documenta\c{c}\~ao --- Livros e folhetos --- Apresenta\c{c}\~ao}
}

@Manual{ISO15707:2001,
  Title                    = {{ISO} 15707:2001},
  Organization             = {International Standards Organization},
  Year                     = {2001},

  Bdsk-url-1               = {http://www.nlc-bnc.ca/iso/tc46sc9/15707.htm},
  Date-added               = {2012-12-20 12:30:58 +0000},
  Date-modified            = {2012-12-20 12:30:58 +0000},
  Org-short                = {ISO},
  Subtitle                 = {Information and documentation --- {I}nternational Standard Musical Work Code ({ISWC})},
  Url                      = {http://www.nlc-bnc.ca/iso/tc46sc9/15707.htm},
  Urlaccessdate            = {24 abr. 2003}
}

@Manual{ISO3901:2001,
  Title                    = {{ISO} 3901:2001},
  Organization             = {International Standards Organization},
  Year                     = {2001},

  Date-added               = {2012-12-20 12:30:58 +0000},
  Date-modified            = {2012-12-20 12:30:58 +0000},
  Org-short                = {ISO},
  Subtitle                 = {Information and documentation --- {I}nternational Standard Recording Code ({ISRC})}
}

@Manual{NBR10520:2001,
  Title                    = {{NBR} 10520},

  Address                  = {Rio de Janeiro},
  Month                    = jul,
  Note                     = {Substitui a Ref.~\textcite{NBR10520:1988}},
  Organization             = {Associa\c{c}\~ao Brasileira de Normas T\'ecnicas},
  Year                     = {2001},

  Date-added               = {2012-12-20 12:30:58 +0000},
  Date-modified            = {2012-12-20 12:30:58 +0000},
  Org-short                = {ABNT},
  Pages                    = {4},
  Subtitle                 = {Informa\c{c}\~ao e documenta\c{c}\~ao --- Apresenta\c{c}\~ao de cita\c{c}\~oes em documentos}
}

@Manual{NBR14724:2001,
  Title                    = {{NBR} 14724},

  Address                  = {Rio de Janeiro},
  Month                    = jul,
  Organization             = {Associa\c{c}\~ao Brasileira de Normas T\'ecnicas},
  Year                     = {2001},

  Date-added               = {2012-12-20 12:30:58 +0000},
  Date-modified            = {2012-12-20 12:30:58 +0000},
  Org-short                = {ABNT},
  Pages                    = {6},
  Subtitle                 = {Informa\c{c}\~ao e documenta\c{c}\~ao --- trabalhos acad\^emicos --- apresenta\c{c}\~ao}
}

@Manual{NBR6023:2000,
  Title                    = {{NBR} 6023},

  Address                  = {Rio de Janeiro},
  Month                    = aug,
  Organization             = {Associa\c{c}\~ao Brasileira de Normas T\'ecnicas},
  Year                     = {2000},

  Date-added               = {2012-12-20 12:30:58 +0000},
  Date-modified            = {2012-12-20 12:30:58 +0000},
  Org-short                = {ABNT},
  Pages                    = {22},
  Subtitle                 = {Informa\c{c}\~ao e documenta\c{c}\~ao --- Refer\^encias --- Elabora\c{c}\~ao}
}

@Manual{ISO11798:1999,
  Title                    = {{ISO} 11798:1999},
  Organization             = {International Standards Organization},
  Year                     = {1999},

  Date-added               = {2012-12-20 12:30:58 +0000},
  Date-modified            = {2012-12-20 12:30:58 +0000},
  Org-short                = {ISO},
  Subtitle                 = {Information and documentation --- {P}ermanence and durability of writing, printing and copying on paper --- {R}equirements and test methods}
}

@Manual{ISO3297:1998,
  Title                    = {{ISO} 3297:1998},
  Organization             = {International Standards Organization},
  Year                     = {1998},

  Date-added               = {2012-12-20 12:30:58 +0000},
  Date-modified            = {2012-12-20 12:30:58 +0000},
  Org-short                = {ISO},
  Subtitle                 = {Information and documentation --- {I}nternational standard serial number ({ISSN})}
}

@Manual{ISO639-2:1998,
  Title                    = {{ISO} 639-2:1998},
  Organization             = {International Standards Organization},
  Year                     = {1998},

  Date-added               = {2012-12-20 12:30:58 +0000},
  Date-modified            = {2012-12-20 12:30:58 +0000},
  Org-short                = {ISO},
  Subtitle                 = {Codes for the representation of names of languages -- {P}art 2: Alpha-3 code}
}

@Manual{ISO10324:1997,
  Title                    = {{ISO} 10324:1997},
  Organization             = {International Standards Organization},
  Year                     = {1997},

  Date-added               = {2012-12-20 12:30:58 +0000},
  Date-modified            = {2012-12-20 12:30:58 +0000},
  Org-short                = {ISO},
  Subtitle                 = {Information and documentation --- {H}oldings statements --- {S}ummary level}
}

@Manual{ISO4:1997,
  Title                    = {{ISO} 4:1997},
  Organization             = {International Standards Organization},
  Year                     = {1997},

  Date-added               = {2012-12-20 12:30:58 +0000},
  Date-modified            = {2012-12-20 12:30:58 +0000},
  Org-short                = {ISO},
  Subtitle                 = {Information and documentation --- {R}ules for the abbreviation of title words and titles of publications}
}

@Manual{ISO690-2:1997,
  Title                    = {{ISO} 690-2},
  Organization             = {International Standards Organization},
  Year                     = {1997},

  Bdsk-url-1               = {http://www.nlc-bnc.ca/iso/tc46sc9/standard/690-2e.htm},
  Date-added               = {2012-12-20 12:30:58 +0000},
  Date-modified            = {2012-12-20 12:30:58 +0000},
  Org-short                = {ISO},
  Subtitle                 = {Information and documentation --- {B}ibliographic references {P}art 2: Electronic documents or parts thereof},
  Url                      = {http://www.nlc-bnc.ca/iso/tc46sc9/standard/690-2e.htm},
  Urlaccessdate            = {31 mar. 2003}
}

@Manual{ISO11108:1996,
  Title                    = {{ISO} 11108:1996},
  Organization             = {International Standards Organization},
  Year                     = {1996},

  Date-added               = {2012-12-20 12:30:58 +0000},
  Date-modified            = {2012-12-20 12:30:58 +0000},
  Org-short                = {ISO},
  Subtitle                 = {Information and documentation --- {A}rchival paper --- {R}equirements for permanence and durability}
}

@Manual{ISO7220:1996,
  Title                    = {{ISO} 7220:1996},
  Organization             = {International Standards Organization},
  Year                     = {1996},

  Date-added               = {2012-12-20 12:30:58 +0000},
  Date-modified            = {2012-12-20 12:30:58 +0000},
  Org-short                = {ISO},
  Subtitle                 = {Information and documentation --- {P}resentation of catalogues of standards}
}

@Manual{ISO999:1996,
  Title                    = {{ISO} 999:1996},
  Organization             = {International Standards Organization},
  Year                     = {1996},

  Bdsk-url-1               = {http://www.nlc-bnc.ca/iso/tc46sc9/standard/999e.htm},
  Date-added               = {2012-12-20 12:30:58 +0000},
  Date-modified            = {2012-12-20 12:30:58 +0000},
  Org-short                = {ISO},
  Subtitle                 = {Information and documentation --- Guidelines for the content, organization and presentation of indexes},
  Url                      = {http://www.nlc-bnc.ca/iso/tc46sc9/standard/999e.htm},
  Urlaccessdate            = {31 mar. 2003}
}

@Manual{ISO10444:1994,
  Title                    = {{ISO} 10444:1994},
  Organization             = {International Standards Organization},
  Year                     = {1994},

  Date-added               = {2012-12-20 12:30:58 +0000},
  Date-modified            = {2012-12-20 12:30:58 +0000},
  Org-short                = {ISO},
  Subtitle                 = {Information and documentation --- {I}nternational standard technical report number ({ISRN})}
}

@Manual{ISO832:1994,
  Title                    = {{ISO} 832:1994},
  Organization             = {International Standards Organization},
  Year                     = {1994},

  Bdsk-url-1               = {http://www.nlc-bnc.ca/iso/tc46sc9/standard/832e.htm},
  Date-added               = {2012-12-20 12:30:58 +0000},
  Date-modified            = {2012-12-20 12:30:58 +0000},
  Org-short                = {ISO},
  Subtitle                 = {Information and documentation --- {B}ibliographic description and references --- {R}ules for the abbreviation of bibliographic terms},
  Url                      = {http://www.nlc-bnc.ca/iso/tc46sc9/standard/832e.htm},
  Urlaccessdate            = {31 mar. 2003}
}

@Manual{NBR6021:1994,
  Title                    = {{NBR} 6021},

  Address                  = {Rio de Janeiro},
  Month                    = oct,
  Organization             = {Associa\c{c}\~ao Brasileira de Normas T\'ecnicas},
  Year                     = {1994},

  Date-added               = {2012-12-20 12:30:58 +0000},
  Date-modified            = {2012-12-20 12:30:58 +0000},
  Org-short                = {ABNT},
  Pages                    = {3},
  Subtitle                 = {Apresenta\c{c}\~ao de peri\'odicos}
}

@Manual{NBR6022:1994,
  Title                    = {{NBR} 6022},

  Address                  = {Rio de Janeiro},
  Month                    = aug,
  Organization             = {Associa\c{c}\~ao Brasileira de Normas T\'ecnicas},
  Year                     = {1994},

  Date-added               = {2012-12-20 12:30:58 +0000},
  Date-modified            = {2012-12-20 12:30:58 +0000},
  Org-short                = {ABNT},
  Pages                    = {2},
  Subtitle                 = {Apresenta\c{c}\~ao de artigos em publica\c{c}\~oes peri\'odicos}
}

@Manual{NBR6026:1994,
  Title                    = {{NBR} 6026},

  Address                  = {Rio de Janeiro},
  Month                    = mar,
  Organization             = {Associa\c{c}\~ao Brasileira de Normas T\'ecnicas},
  Year                     = {1994},

  Date-added               = {2012-12-20 12:30:58 +0000},
  Date-modified            = {2012-12-20 12:30:58 +0000},
  Org-short                = {ABNT},
  Pages                    = {2},
  Subtitle                 = {Legenda bibliogr\'afica}
}

@Manual{ISO10957:1993,
  Title                    = {{ISO} 10957:1993},
  Organization             = {International Standards Organization},
  Year                     = {1993},

  Bdsk-url-1               = {http://www.nlc-bnc.ca/iso/tc46sc9/standard/10957e.htm},
  Date-added               = {2012-12-20 12:30:58 +0000},
  Date-modified            = {2012-12-20 12:30:58 +0000},
  Org-short                = {ISO},
  Subtitle                 = {Information and documentation --- {I}nternational standard music number ({ISMN})},
  Url                      = {http://www.nlc-bnc.ca/iso/tc46sc9/standard/10957e.htm},
  Urlaccessdate            = {24 abr. 2003}
}

@Manual{ISO2108:1992,
  Title                    = {{ISO} 2108:1992},
  Organization             = {International Standards Organization},
  Year                     = {1992},

  Bdsk-url-1               = {http://www.nlc-bnc.ca/iso/tc46sc9/standard/2108e.htm},
  Date-added               = {2012-12-20 12:30:58 +0000},
  Date-modified            = {2012-12-20 12:30:58 +0000},
  Org-short                = {ISO},
  Subtitle                 = {Information and documentation --- {I}nternational Standard Book Numbering ({ISBN})},
  Url                      = {http://www.nlc-bnc.ca/iso/tc46sc9/standard/2108e.htm},
  Urlaccessdate            = {31 mar. 2003}
}

@Manual{NBR12256:1992,
  Title                    = {Apresenta\c{c}\~ao de originais},
  Address                  = {Rio de Janeiro},
  Month                    = apr,
  Organization             = {Associa\c{c}\~ao Brasileira de Normas T\'ecnicas},
  Year                     = {1992},

  Date-added               = {2012-12-20 12:30:58 +0000},
  Date-modified            = {2012-12-20 12:30:58 +0000},
  Org-short                = {ABNT},
  Pages                    = {4}
}

@Manual{NBR6028:1990,
  Title                    = {{NBR} 6028},
  Address                  = {Rio de Janeiro},
  Month                    = may,
  Organization             = {Associa\c{c}\~ao Brasileira de Normas T\'ecnicas},
  Year                     = {1990},
  Date-added               = {2012-12-20 12:30:58 +0000},
  Date-modified            = {2012-12-20 12:30:58 +0000},
  Org-short                = {ABNT},
  Pages                    = {3},
  Subtitle                 = {Resumos}
}

@Manual{NBR10719:1989,
  Title                    = {Apresenta\c{c}\~ao de relat\'orios t\'ecnico-cient{\'i}ficos},

  Address                  = {Rio de Janeiro},
  Month                    = aug,
  Organization             = {Associa\c{c}\~ao Brasileira de Normas T\'ecnicas},
  Year                     = {1989},

  Date-added               = {2012-12-20 12:30:58 +0000},
  Date-modified            = {2012-12-20 12:30:58 +0000},
  Org-short                = {ABNT},
  Pages                    = {17}
}

@Manual{NBR6024:1989,
  Title                    = {{NBR} 6024},

  Address                  = {Rio de Janeiro},
  Month                    = aug,
  Organization             = {Associa\c{c}\~ao Brasileira de Normas T\'ecnicas},
  Year                     = {1989},

  Date-added               = {2012-12-20 12:30:58 +0000},
  Date-modified            = {2012-12-20 12:30:58 +0000},
  Org-short                = {ABNT},
  Pages                    = {2},
  Subtitle                 = {Numera\c{c}\~ao progressiva das se\c{c}\~oes de um documento}
}

@Manual{NBR6025:2002,
  Title                    = {{NBR} 6025},

  Address                  = {Rio de Janeiro},
  Month                    = {set},
  Organization             = {Associa\c{c}\~ao Brasileira de Normas T\'ecnicas},
  Year                     = {1989},

  Date-added               = {2012-12-20 12:30:58 +0000},
  Date-modified            = {2012-12-20 12:30:58 +0000},
  Org-short                = {ABNT},
  Pages                    = {6},
  Subtitle                 = {Informa\c{c}\~ao e documenta\c{c}\~ao --- Revis\~ao de originais e provas}
}

@Manual{NBR6027:1989,
  Title                    = {{NBR} 6027},

  Address                  = {Rio de Janeiro},
  Month                    = aug,
  Organization             = {Associa\c{c}\~ao Brasileira de Normas T\'ecnicas},
  Year                     = {1989},

  Date-added               = {2012-12-20 12:30:58 +0000},
  Date-modified            = {2012-12-20 12:30:58 +0000},
  Org-short                = {ABNT},
  Pages                    = {2},
  Subtitle                 = {Sum\'ario}
}

@Manual{NBR6032:1989,
  Title                    = {{NBR} 6032},

  Address                  = {Rio de Janeiro},
  Month                    = aug,
  Organization             = {Associa\c{c}\~ao Brasileira de Normas T\'ecnicas},
  Year                     = {1989},

  Date-added               = {2012-12-20 12:30:58 +0000},
  Date-modified            = {2012-12-20 12:30:58 +0000},
  Org-short                = {ABNT},
  Pages                    = {14},
  Subtitle                 = {Abrevia\c{c}\~oes de T{\'i}tulos de peri\'odicos e publica\c{c}\~oes seriadas}
}

@Manual{NBR6033:1989,
  Title                    = {{NBR} 6033},

  Address                  = {Rio de Janeiro},
  Month                    = aug,
  Organization             = {Associa\c{c}\~ao Brasileira de Normas T\'ecnicas},
  Year                     = {1989},

  Date-added               = {2012-12-20 12:30:58 +0000},
  Date-modified            = {2012-12-20 12:30:58 +0000},
  Org-short                = {ABNT},
  Pages                    = {5},
  Subtitle                 = {Ordem alfab\'etica}
}

@Manual{NBR6034:1989,
  Title                    = {{NBR} 6034},

  Address                  = {Rio de Janeiro},
  Month                    = aug,
  Organization             = {Associa\c{c}\~ao Brasileira de Normas T\'ecnicas},
  Year                     = {1989},

  Date-added               = {2012-12-20 12:30:58 +0000},
  Date-modified            = {2012-12-20 12:30:58 +0000},
  Org-short                = {ABNT},
  Pages                    = {3},
  Subtitle                 = {Prepara\c{c}{\~a}o de {\'i}ndice de publica\c{c}{\~o}es}
}

@Manual{NBR10520:1988,
  Title                    = {{NBR} 10520},

  Address                  = {Rio de Janeiro},
  Month                    = oct,
  Organization             = {Associa\c{c}\~ao Brasileira de Normas T\'ecnicas},
  Year                     = {1988},

  Date-added               = {2012-12-20 12:30:58 +0000},
  Date-modified            = {2012-12-20 12:30:58 +0000},
  Org-short                = {ABNT},
  Pages                    = {3},
  Subtitle                 = {Apresenta\c{c}\~ao de cita\c{c}\~oes em documentos --- Procedimentos}
}

@Manual{NBR10522:1988,
  Title                    = {{NBR} 10522},

  Address                  = {Rio de Janeiro},
  Month                    = oct,
  Organization             = {Associa\c{c}\~ao Brasileira de Normas T\'ecnicas},
  Year                     = {1988},

  Date-added               = {2012-12-20 12:30:58 +0000},
  Date-modified            = {2012-12-20 12:30:58 +0000},
  Org-short                = {ABNT},
  Pages                    = {9},
  Subtitle                 = {Abrevi\c{c}\~ao na descri\c{c}\~ao bibliogr\'afica}
}

@Manual{NBR10523:1988,
  Title                    = {{NBR} 10523},

  Address                  = {Rio de Janeiro},
  Month                    = oct,
  Organization             = {Associa\c{c}\~ao Brasileira de Normas T\'ecnicas},
  Year                     = {1988},

  Date-added               = {2012-12-20 12:30:58 +0000},
  Date-modified            = {2012-12-20 12:30:58 +0000},
  Org-short                = {ABNT},
  Pages                    = {5},
  Subtitle                 = {Entrada para nomes de l{\'i}ngua portuguesa em registros bibliogr\'aficos}
}

@Manual{ISO690:1987,
  Title                    = {{ISO} 690:1987},
  Organization             = {International Standards Organization},
  Year                     = {1987},

  Bdsk-url-1               = {http://www.nlc-bnc.ca/iso/tc46sc9/standard/690-1e.htm},
  Date-added               = {2012-12-20 12:30:58 +0000},
  Date-modified            = {2012-12-20 12:30:58 +0000},
  Org-short                = {ISO},
  Subtitle                 = {Information and documentation --- {B}ibliographic references --- {C}ontent, form and structure},
  Url                      = {http://www.nlc-bnc.ca/iso/tc46sc9/standard/690-1e.htm},
  Urlaccessdate            = {31 mar. 2003}
}

@Manual{ISO215:1986,
  Title                    = {{ISO} 215:1986},
  Organization             = {International Standards Organization},
  Year                     = {1986},

  Date-added               = {2012-12-20 12:30:58 +0000},
  Date-modified            = {2012-12-20 12:30:58 +0000},
  Org-short                = {ISO},
  Subtitle                 = {Documentation --- {P}resentation of contributions to periodicals and other serials}
}

@Manual{ISO2788:1986,
  Title                    = {{ISO} 2788:1986},
  Organization             = {International Standards Organization},
  Year                     = {1986},

  Date-added               = {2012-12-20 12:30:58 +0000},
  Date-modified            = {2012-12-20 12:30:58 +0000},
  Org-short                = {ISO},
  Subtitle                 = {Documentation --- {G}uidelines for the establishment and development of monolingual thesauri}
}

@Manual{ISO5963:1985,
  Title                    = {{ISO} 5963:1985},
  Organization             = {International Standards Organization},
  Year                     = {1985},

  Date-added               = {2012-12-20 12:30:58 +0000},
  Date-modified            = {2012-12-20 12:30:58 +0000},
  Org-short                = {ISO},
  Subtitle                 = {Documentation --- {M}ethods for examining documents, determining their subjects, and selecting indexing terms}
}

@Manual{ISO5964:1985,
  Title                    = {{ISO} 5964:1985},
  Organization             = {International Standards Organization},
  Year                     = {1985},

  Date-added               = {2012-12-20 12:30:58 +0000},
  Date-modified            = {2012-12-20 12:30:58 +0000},
  Org-short                = {ISO},
  Subtitle                 = {Documentation --- {G}uidelines for the establishment and development of multilingual thesauri}
}

@Manual{ISO5123:1984,
  Title                    = {{ISO} 5123:1984},
  Organization             = {International Standards Organization},
  Year                     = {1984},

  Date-added               = {2012-12-20 12:30:58 +0000},
  Date-modified            = {2012-12-20 12:30:58 +0000},
  Org-short                = {ISO},
  Subtitle                 = {Documentation --- {H}eaders for microfiche of monographs and serials}
}

@Manual{ISO7154:1983,
  Title                    = {{ISO} 7154:1983},
  Organization             = {International Standards Organization},
  Year                     = {1983},

  Date-added               = {2012-12-20 12:30:58 +0000},
  Date-modified            = {2012-12-20 12:30:58 +0000},
  Org-short                = {ISO},
  Subtitle                 = {Documentation --- {B}ibliographic filing principles}
}

@Manual{NBR6028:1980,
  Title                    = {{NBR} 6028},

  Address                  = {Rio de Janeiro},
  Organization             = {Associa\c{c}\~ao Brasileira de Normas T\'ecnicas},
  Year                     = {1980},

  Date-added               = {2012-12-20 12:30:58 +0000},
  Date-modified            = {2012-12-20 12:30:58 +0000},
  Org-short                = {ABNT},
  Subtitle                 = {Resumos}
}

@Manual{ISO5122:1979,
  Title                    = {{ISO} 5122:1979},
  Organization             = {International Standards Organization},
  Year                     = {1979},

  Date-added               = {2012-12-20 12:30:58 +0000},
  Date-modified            = {2012-12-20 12:30:58 +0000},
  Org-short                = {ISO},
  Subtitle                 = {Documentation --- {A}bstract sheets in serial publications}
}

@Manual{ISO214:1976,
  Title                    = {{ISO} 214:1976},
  Organization             = {International Standards Organization},
  Year                     = {1976},
   Date-added               = {2012-12-20 12:30:58 +0000},
  Date-modified            = {2012-12-20 12:30:58 +0000},
  Org-short                = {ISO},
  Subtitle                 = {Documentation --- {A}bstracts for publications and documentation}
}



@Manual{ISO214:1976editada,
  Title                    = {{ISO} 214:1976},
  Organization             = {International Standards Organization},
  Year                     = {1976},
  keywords                 = {consultada} ,
  Date-added               = {2012-12-20 12:30:58 +0000},
  Date-modified            = {2012-12-20 12:30:58 +0000},
  Org-short                = {ISO},
  Subtitle                 = {Documentation --- {A}bstracts for publications and documentation}
}

@Misc{luminaria01,
title={Candeeiros de tecto},
author={euzinha ué},
address={aqui né},
year={2017},
keywords={npub-informal},
url={https://goo.gl/DhofqW},
urlaccessdate={2009-01-31},
}

@misc{tipog,
url={http://www.ufmg.br/online/arquivos/Memoria%20grafica.JPG},
urldate={2024-08-15},
title={Memória gráfica},
author={Leo Drummond},
address={UFMG},
year={2005},
keywords={consulta},
}
